<record><leader>00000cas a2200000 i 4500</leader><controlfield tag="001">16715397</controlfield><controlfield tag="008">870918d19151919pauwr ne      0    0ita c</controlfield><datafield ind1=" " ind2=" " tag="010"><subfield code="a">sn 88080701 </subfield></datafield><datafield ind1=" " ind2=" " tag="040"><subfield code="a">NPH</subfield><subfield code="b">eng</subfield><subfield code="e">rda</subfield><subfield code="c">NPH</subfield><subfield code="d">OCLCQ</subfield><subfield code="d">OCLCF</subfield><subfield code="d">OCLCO</subfield><subfield code="d">OCLCQ</subfield><subfield code="d">IUL</subfield><subfield code="d">OCL</subfield></datafield><datafield ind1="0" ind2=" " tag="041"><subfield code="a">ita</subfield><subfield code="a">eng</subfield></datafield><datafield ind1=" " ind2=" " tag="042"><subfield code="a">pcc</subfield></datafield><datafield ind1=" " ind2=" " tag="043"><subfield code="a">n-us-pa</subfield></datafield><datafield ind1="0" ind2=" " tag="130"><subfield code="a">Momento (Philadelphia, Pa.)</subfield></datafield><datafield ind1="1" ind2="3" tag="245"><subfield code="a">Il momento.</subfield></datafield><datafield ind1="3" ind2="0" tag="246"><subfield code="a">Moment,</subfield><subfield code="f">Sept. 15, 1917-&lt;Dec. 27, 1919&gt;</subfield></datafield><datafield ind1="1" ind2="3" tag="246"><subfield code="a">Momento lettario settimanale,</subfield><subfield code="f">Jan. 19, 1918-&lt;Dec. 27, 1919&gt;</subfield></datafield><datafield ind1="3" ind2="0" tag="246"><subfield code="a">Momento consolidated with the L'indipendente</subfield></datafield><datafield ind1=" " ind2="1" tag="264"><subfield code="a">Philadelphia, Pa. :</subfield><subfield code="b">Fortunato Ulivieri</subfield></datafield><datafield ind1=" " ind2=" " tag="300"><subfield code="a">volumes :</subfield><subfield code="b">illustrations (chiefly advertisements)</subfield></datafield><datafield ind1=" " ind2=" " tag="310"><subfield code="a">Weekly</subfield></datafield><datafield ind1=" " ind2=" " tag="336"><subfield code="a">text</subfield><subfield code="b">txt</subfield><subfield code="2">rdacontent</subfield></datafield><datafield ind1=" " ind2=" " tag="337"><subfield code="a">unmediated</subfield><subfield code="b">n</subfield><subfield code="2">rdamedia</subfield></datafield><datafield ind1=" " ind2=" " tag="338"><subfield code="a">volume</subfield><subfield code="b">nc</subfield><subfield code="2">rdacarrier</subfield></datafield><datafield ind1="1" ind2=" " tag="362"><subfield code="a">Began 1915?; ceased with Anno III, no. 52 (27 diciembre, 1919)?</subfield></datafield><datafield ind1=" " ind2=" " tag="500"><subfield code="a">Publisher: Il Momento Pub. Co., &lt;Mar. 10, 1917-Dec. 27, 1919&gt;.</subfield></datafield><datafield ind1=" " ind2=" " tag="500"><subfield code="a">Published every Saturday.</subfield></datafield><datafield ind1=" " ind2=" " tag="500"><subfield code="a">The words "consolidated with the L'indipendente" appear below masthead title.</subfield></datafield><datafield ind1=" " ind2=" " tag="515"><subfield code="a">Some issues for Anno I (1917) mislabeled Anno III.</subfield></datafield><datafield ind1="8" ind2=" " tag="521"><subfield code="a">"Giornale settimanale della colonia Italiana."</subfield></datafield><datafield ind1=" " ind2=" " tag="546"><subfield code="a">In Italian, &lt;Jan. 27&gt;-Sept. 8, 1917; in Italian, with separate English section, Sept. 15-Dec. 29, 1917; in separate English and Italian sections, Jan. 19-Aug. 24, 1918; in Italian, with separate English section, Aug. 31, 1918-&lt;Dec. 27, 1919&gt;.</subfield></datafield><datafield ind1=" " ind2=" " tag="580"><subfield code="a">Absorbed: Indipendente.</subfield></datafield><datafield ind1=" " ind2=" " tag="588"><subfield code="a">Description based on: Anno III [ie: 1], no. 3 (27 gennaio, 1917); title from masthead, America's Historical Newspapers (viewed September 19, 2017).</subfield></datafield><datafield ind1=" " ind2=" " tag="588"><subfield code="a">Latest issue consulted: Anno III, no. 52 (27 diciembre, 1919); America's Historical Newspapers (viewed September 19, 2017).</subfield></datafield><datafield ind1=" " ind2="0" tag="650"><subfield code="a">Italians</subfield><subfield code="z">Pennsylvania</subfield><subfield code="v">Newspapers.</subfield></datafield><datafield ind1=" " ind2="0" tag="651"><subfield code="a">Philadelphia (Pa.)</subfield><subfield code="v">Newspapers.</subfield></datafield><datafield ind1=" " ind2="0" tag="651"><subfield code="a">Philadelphia County (Pa.)</subfield><subfield code="v">Newspapers.</subfield></datafield><datafield ind1=" " ind2="7" tag="650"><subfield code="a">Italians.</subfield><subfield code="2">fast</subfield><subfield code="0">(OCoLC)fst00980750</subfield></datafield><datafield ind1=" " ind2="7" tag="651"><subfield code="a">Pennsylvania.</subfield><subfield code="2">fast</subfield><subfield code="0">(OCoLC)fst01204598</subfield></datafield><datafield ind1=" " ind2="7" tag="651"><subfield code="a">Pennsylvania</subfield><subfield code="z">Philadelphia.</subfield><subfield code="2">fast</subfield><subfield code="0">(OCoLC)fst01204170</subfield></datafield><datafield ind1=" " ind2="7" tag="651"><subfield code="a">Pennsylvania</subfield><subfield code="z">Philadelphia County.</subfield><subfield code="2">fast</subfield><subfield code="0">(OCoLC)fst01217128</subfield></datafield><datafield ind1=" " ind2="7" tag="655"><subfield code="a">Newspapers.</subfield><subfield code="2">fast</subfield><subfield code="0">(OCoLC)fst01423814</subfield></datafield><datafield ind1=" " ind2=" " tag="752"><subfield code="a">United States</subfield><subfield code="b">Pennsylvania</subfield><subfield code="c">Philadelphia</subfield><subfield code="d">Philadelphia.</subfield></datafield><datafield ind1="1" ind2="5" tag="780"><subfield code="t">Indipendente</subfield></datafield><datafield ind1="4" ind2="1" tag="856"><subfield code="u">http://proxyiub.uits.iu.edu/login?url=http://infoweb.newsbank.com/?db=EANX&amp;s_browseRef=decades/1478FE5A8623EA57/all.xml</subfield></datafield><datafield ind1="1" ind2=" " tag="029"><subfield code="a">AU@</subfield><subfield code="b">000025790039</subfield></datafield></record>